;; Account: Assets:Coinbase
;; Date: 
;; Name: 

2020-01-03 * "CBP: Deposit USD"
  transferid: "aaaaaaaa-aaaa-aaaa-aaaa-aaaaaaaaaaaa"
  Assets:Coinbase:USD   100000.0 USD
  Assets:Bank:USD      -100000.0 USD

2020-01-18 * "CBP: Deposit BTC"
  transferid: "aaaaaaaa-aaaa-aaaa-aaaa-aaaaaa111111"
  Assets:Coinbase:BTC   1.000000 BTC {USD}
  Assets:Wallet:BTC    -1.000000 BTC {USD}

2020-02-14 * "CBP: Buy 0.8000000 BTC"
  orderid: "aaaaaaaa-aaaa-aaaa-aaaa-aaaaaa222222"
  Assets:Coinbase:BTC      0.8000000 BTC {12500 USD}
  Assets:Coinbase:USD      -10100.00 USD
  Expenses:Financial:Fees      100.0 USD

2020-04-12 * "CBP: Withdraw BTC"
  transferid: "aaaaaaaa-aaaa-aaaa-aaaa-aaaaaa333333"
  Assets:Coinbase:BTC  -0.5000 BTC {USD}
  Assets:Wallet:BTC     0.5000 BTC {USD}

2020-06-20 * "CBP: Deposit BTC"
  transferid: "aaaaaaaa-aaaa-aaaa-aaaa-aaaaaaa44444"
  Assets:Coinbase:BTC   0.40000 BTC {USD}
  Assets:Wallet:BTC    -0.40000 BTC {USD}

2020-08-03 * "CBP: Sell 1.00000 BTC"
  orderid: "aaaaaaaa-aaaa-aaaa-aaaa-aaaaaa555555"
  Assets:Coinbase:BTC       -1.00000 BTC {} @ 20000 USD
  Assets:Coinbase:USD      20000.000 USD
  Assets:Coinbase:USD        -100.00 USD
  Expenses:Financial:Fees     100.00 USD
  Income:PnL
