;; Account: Assets:GateIO
;; Date: 
;; Name: gateio.joined.csv

2021-01-31 * "Deposit (tx id 2467345)"
  Assets:GateIO:XCH                                5.0000000000000000 XCH
  Assets:ZeroSumAccount:ChiaWallet-To-GateIO:XCH  -5.0000000000000000 XCH

2021-02-02 * "Deposit (tx id 2645835)"
  Assets:GateIO:USDT                              1000.0000000000000000 USDT
  Assets:ZeroSumAccount:Coinbase-To-GateIO:USDT  -1000.0000000000000000 USDT

2021-03-01 * "Buy (from USDT) (tx id 462845726)"
  Assets:GateIO:XCH              20.0000000000000000 XCH {20 USD}
  Assets:GateIO:USDT           -400.0000000000000000 USDT @ 1.0 USD
  Expenses:Financial:Fees:XCH           0.2000000000 XCH
  Assets:GateIO:XCH                    -0.2000000000 XCH

2021-04-01 * "Withdraw (tx id 24567229)"
  Assets:GateIO:XCH                               -8.0000000000000000 XCH
  Assets:ZeroSumAccount:GateIO-To-ChiaWallet:XCH   8.0000000000000000 XCH

2021-04-30 * "Buy (from USDT) (tx id 32475432626)"
  Assets:GateIO:XCH              10.0000000000000000 XCH {25 USD}
  Assets:GateIO:USDT           -250.0000000000000000 USDT @ 1.0 USD
  Expenses:Financial:Fees:XCH     0.2000000000000000 XCH
  Assets:GateIO:XCH              -0.2000000000000000 XCH

2021-05-31 * "Deposit (tx id 2456237)"
  Assets:GateIO:XCH                                5.0000000000000000 XCH
  Assets:ZeroSumAccount:ChiaWallet-To-GateIO:XCH  -5.0000000000000000 XCH

2021-07-01 * "Sell (to USDT) (tx id 234765643)"
  Assets:GateIO:USDT            600.0000000000000000 USDT {1.0 USD}
  Assets:GateIO:XCH             -20.0000000000000000 XCH @ 30 USD
  Expenses:Financial:Fees:USDT    0.5000000000000000 USDT
  Assets:GateIO:USDT             -0.5000000000000000 USDT

2021-08-01 * "Withdraw (tx id 26435237)"
  Assets:GateIO:USDT                             -100.0000000000000000 USDT
  Assets:ZeroSumAccount:GateIO-To-Coinbase:USDT   100.0000000000000000 USDT
