
2022-05-02 * "Mining reward of 2.00 XCH"
  timestamp: "2022-05-02T21:51:14Z"
  Assets:ChiaWallet:XCH  2.00 XCH {50.0 USD}
  Income:Mining:USD

2022-05-06 * "Receive 1.7400 XCH"
  timestamp: "2022-05-06T16:40:27Z"
  Assets:ChiaWallet:XCH               1.74 XCH {USD}
  Assets:Xfer:GateIO-ChiaWallet:XCH  -1.74 XCH {USD}

2022-05-11 * "Send 1.0000 XCH"
  timestamp: "2022-05-11T23:55:19Z"
  Assets:ChiaWallet:XCH              -1 XCH {USD}
  Assets:Xfer:ChiaWallet-GateIO:XCH   1 XCH {USD}

2022-05-13 * "Mining reward of 8.83 XCH"
  timestamp: "2022-05-13T14:21:28Z"
  Assets:ChiaWallet:XCH  8.83 XCH {50.0 USD}
  Income:Mining:USD

2022-06-02 * "Receive 5.1100 XCH"
  timestamp: "2022-06-02T01:41:58Z"
  Assets:ChiaWallet:XCH               5.11 XCH {USD}
  Assets:Xfer:GateIO-ChiaWallet:XCH  -5.11 XCH {USD}

2022-07-01 * "Mining reward of 2.42 XCH"
  timestamp: "2022-07-01T21:42:27Z"
  Assets:ChiaWallet:XCH  2.42 XCH {50.0 USD}
  Income:Mining:USD

2022-08-01 * "Send 4.0000 XCH"
  timestamp: "2022-08-01T21:53:48Z"
  Assets:ChiaWallet:XCH              -4 XCH {USD}
  Assets:Xfer:ChiaWallet-GateIO:XCH   4 XCH {USD}

2022-09-01 * "Send 20.0000 XCH"
  timestamp: "2022-09-01T20:01:53Z"
  Assets:ChiaWallet:XCH              -20 XCH {USD}
  Assets:Xfer:ChiaWallet-GateIO:XCH   20 XCH {USD}

2022-10-02 * "Mining reward of 2.22 XCH"
  timestamp: "2022-10-02T05:57:46Z"
  Assets:ChiaWallet:XCH  2.22 XCH {50.0 USD}
  Income:Mining:USD
